@STRING{ETP = {Entrepreneurship: Theory \& Practice}}
@STRING{FER = {Frontiers of Entrepreneurship Research}}
@STRING{OS = {Organization Science}}

@article{Cannon1998An,
  title={An on-line archive of reconstructed hippocampal neurons},
  author={Cannon, R. C. and Turner, D. A. and Pyapali, G. K. and Wheal, H. V.},
  journal={Journal of Neuroscience Methods},
  volume={84},
  number={1–2},
  pages={49-54},
  year={1998},
}

@article{Druckmann2014Structured,
  title={Structured synaptic connectivity between hippocampal regions},
  author={Druckmann, S and Feng, L. and Lee, B and Yook, C and Zhao, T. and Magee, J. C. and Kim, J},
  journal={Neuron},
  volume={81},
  number={3},
  pages={629},
  year={2014},
}

@article{Peng2011Proof,
  title={Proof-editing is the bottleneck of 3D neuron reconstruction: the problem and solutions},
  author={Peng, H. and Long, F. and Zhao, T. and Myers, E},
  journal={Neuroinformatics},
  volume={9},
  number={2},
  pages={103-105},
  year={2011},
}

@article{Rodriguez2006Rayburst,
  title={Rayburst sampling, an algorithm for automated three-dimensional shape analysis from laser scanning microscopy images},
  author={Rodriguez, A and Ehlenberger, D. B. and Hof, P. R. and Wearne, S. L.},
  journal={Nature Protocol},
  volume={1},
  number={4},
  pages={2152-2161},
  year={2006},
}

@article{Luisi2011The,
  title={The FARSIGHT Trace Editor: An Open Source Tool for 3-D Inspection and Efficient Pattern Analysis Aided Editing of Automated Neuronal Reconstructions},
  author={Luisi, Jonathan and Narayanaswamy, Arunachalam and Galbreath, Zachary and Roysam, Badrinath},
  journal={Neuroinformatics},
  volume={9},
  number={2},
  pages={305-315},
  year={2011},
}

@article{Myatt2012Neuromantic,
  title={Neuromantic – from Semi-Manual to Semi-Automatic Reconstruction of Neuron Morphology},
  author={Myatt, D. R. and Hadlington, T and Ascoli, G. A. and Nasuto, S. J.},
  journal={Frontiers in Neuroinformatics},
  volume={6},
  pages={4},
  year={2012},
}

@article{Peng2010Seeing,
  title={Seeing more is knowing more: V3D enables real-time 3D visualization and quantitative analysis of large-scale biological image data sets},
  author={Peng, Hanchuan and Long, Fuhui},
  journal={Nature Biotechnology},
  volume={28},
  number={4},
  pages={348-53},
  year={2010},
}

@article{Feng2014neuTube,
  title={neuTube 1.0: A New Design for Efficient Neuron Reconstruction Software Based on the SWC Format},
  author={Feng, Linqing and Zhao, Ting and Kim, Jinhyun},
  journal={Eneuro},
  volume={2},
  number={1},
  year={2014},
}