@STRING{ETP = {Entrepreneurship: Theory \& Practice}}
@STRING{FER = {Frontiers of Entrepreneurship Research}}
@STRING{OS = {Organization Science}}

@article{Cannon1998An,
  title={An on-line archive of reconstructed hippocampal neurons},
  author={Cannon, R. C. and Turner, D. A. and Pyapali, G. K. and Wheal, H. V.},
  journal={Journal of Neuroscience Methods},
  volume={84},
  number={1â€“2},
  pages={49-54},
  year={1998},
}

@article{Druckmann2014Structured,
  title={Structured synaptic connectivity between hippocampal regions},
  author={Druckmann, S and Feng, L. and Lee, B and Yook, C and Zhao, T. and Magee, J. C. and Kim, J},
  journal={Neuron},
  volume={81},
  number={3},
  pages={629},
  year={2014},
}

@article{Peng2011Proof,
  title={Proof-editing is the bottleneck of 3D neuron reconstruction: the problem and solutions},
  author={Peng, H. and Long, F. and Zhao, T. and Myers, E},
  journal={Neuroinformatics},
  volume={9},
  number={2},
  pages={103-105},
  year={2011},
}

@article{Feng2014neuTube,
  title={neuTube 1.0: A New Design for Efficient Neuron Reconstruction Software Based on the SWC Format},
  author={Feng, Linqing and Zhao, Ting and Kim, Jinhyun},
  journal={Eneuro},
  volume={2},
  number={1},
  year={2014},
}

@article{stonebraker1991postgres,
  title={The POSTGRES next generation database management system},
  author={Stonebraker, Michael and Kemnitz, Greg},
  journal={Communications of the ACM},
  volume={34},
  number={10},
  pages={78--92},
  year={1991},
  publisher={ACM}
}

@book{grigorik2013high,
  title={High Performance Browser Networking: What every web developer should know about networking and web performance},
  author={Grigorik, Ilya},
  year={2013},
  publisher={" O'Reilly Media, Inc."}
}