@book{boyd2004convex,
  title={Convex optimization},
  author={Boyd, Stephen and Vandenberghe, Lieven},
  year={2004},
  publisher={Cambridge university press}
}

@article{orus2014practical,
  title={A practical introduction to tensor networks: Matrix product states and projected entangled pair states},
  author={Or{\'u}s, Rom{\'a}n},
  journal={Annals of Physics},
  volume={349},
  pages={117--158},
  year={2014},
  publisher={Elsevier}
}

@article{orus2009simulation,
  title={Simulation of two-dimensional quantum systems on an infinite lattice revisited: Corner transfer matrix for tensor contraction},
  author={Or{\'u}s, Rom{\'a}n and Vidal, Guifr{\'e}},
  journal={Physical Review B},
  volume={80},
  number={9},
  pages={094403},
  year={2009},
  publisher={APS}
}

@article{jordan2008classical,
  title={Classical simulation of infinite-size quantum lattice systems in two spatial dimensions},
  author={Jordan, Jacob and Or{\'u}s, Roman and Vidal, Guifre and Verstraete, Frank and Cirac, J Ignacio},
  journal={Physical review letters},
  volume={101},
  number={25},
  pages={250602},
  year={2008},
  publisher={APS}
}

@article{Arad2012,
archivePrefix = {arXiv},
arxivId = {1111.2970},
author = {Arad, Itai and Landau, Zeph and Vazirani, Umesh},
doi = {10.1103/PhysRevB.85.195145},
eprint = {1111.2970},
issn = {10980121},
journal = {Physical Review B - Condensed Matter and Materials Physics},
number = {19},
pages = {1--15},
title = {{Improved one-dimensional area law for frustration-free systems}},
volume = {85},
year = {2012}
}

@article{vidal2004efficient,
  title={Efficient simulation of one-dimensional quantum many-body systems},
  author={Vidal, Guifr{\'e}},
  journal={Physical review letters},
  volume={93},
  number={4},
  pages={040502},
  year={2004},
  publisher={APS}
}

@article{vidal2003efficient,
  title={Efficient classical simulation of slightly entangled quantum computations},
  author={Vidal, Guifr{\'e}},
  journal={Physical Review Letters},
  volume={91},
  number={14},
  pages={147902},
  year={2003},
  publisher={APS}
}

@article{white1993density,
  title={Density-matrix algorithms for quantum renormalization groups},
  author={White, Steven R},
  journal={Physical Review B},
  volume={48},
  number={14},
  pages={10345},
  year={1993},
  publisher={APS}
}

@article{verstraete2004renormalization,
  title={Renormalization algorithms for quantum-many body systems in two and higher dimensions},
  author={Verstraete, Frank and Cirac, J Ignacio},
  journal={arXiv preprint cond-mat/0407066},
  year={2004}
}

@article{schuch2007computational,
  title={Computational complexity of projected entangled pair states},
  author={Schuch, Norbert and Wolf, Michael M and Verstraete, Frank and Cirac, J Ignacio},
  journal={Physical review letters},
  volume={98},
  number={14},
  pages={140506},
  year={2007},
  publisher={APS}
}

@article{Hastings2007,
archivePrefix = {arXiv},
arxivId = {0705.2024},
author = {Hastings, Matthew B.},
doi = {10.1088/1742-5468/2007/08/P08024},
eprint = {0705.2024},
isbn = {1742-5468},
issn = {1742-5468},
journal = {Journal of Statistical Mechanics: Theory and Experiment},
number = {2},
pages = {9},
title = {{An Area Law for One Dimensional Quantum Systems}},
url = {http://arxiv.org/abs/0705.2024},
volume = {08024},
year = {2007}
}

@article{kitaev1999quantum,
  title={Quantum NP},
  author={Kitaev, Alexei},
  journal={Talk at AQIP},
  volume={99},
  year={1999}
}

@article{pfeifer2014faster,
  title={Faster identification of optimal contraction sequences for tensor networks},
  author={Pfeifer, Robert NC and Haegeman, Jutho and Verstraete, Frank},
  journal={Physical Review E},
  volume={90},
  number={3},
  pages={033315},
  year={2014},
  publisher={APS}
}

@article{vidal2016topological,
  title={Topological conformal defects with tensor networks},
  author={Hauru, Markus and Evenbly, Glen and Ho, Wen Wei and Gaiotto, Davide and Vidal, Guifre},
  journal={Physical Review B},
  volume={94},
  number={11},
  pages={115125},
  year={2016},
  publisher={APS}
}

@article{itai2016howlocal,
  title={How local is the information in MPS/PEPS tensor networks?},
  author={Anshu, Anurag and Arad, Itai and Jain, Aditya},
  journal={Physical review B},
  volume={94},
  number={19},
  pages={195143},
  year={2016},
  publisher={APS}
}

@article{gharibian2015quantum,
  title={Quantum hamiltonian complexity},
  author={Gharibian, Sevag and Huang, Yichen and Landau, Zeph and Shin, Seung Woo and others},
  journal={Foundations and Trends{\textregistered} in Theoretical Computer Science},
  volume={10},
  number={3},
  pages={159--282},
  year={2015},
  publisher={Now Publishers, Inc.}
}

@inproceedings{itai2015qhc,
  title={Tutorial: Quantum Hamiltonian Complexity},
  author={Itai Arad},
  booktitle={The eighteenth conference on Quantum Information Processing},
  year={2015},
  organization={UTS, Sydney, Austrilia}
}