@STRING{ETP = {Entrepreneurship: Theory \& Practice}}
@STRING{FER = {Frontiers of Entrepreneurship Research}}
@STRING{OS = {Organization Science}}

@article{horn2014structural,
  title={The structural--functional connectome and the default mode network of the human brain},
  author={Horn, Andreas and Ostwald, Dirk and Reisert, Marco and Blankenburg, Felix},
  journal={Neuroimage},
  volume={102},
  pages={142--151},
  year={2014},
  publisher={Elsevier}
}

@article{druckmann2014structured,
  title={Structured synaptic connectivity between hippocampal regions},
  author={Druckmann, Shaul and Feng, Linqing and Lee, Bokyoung and Yook, Chaehyun and Zhao, Ting and Magee, Jeffrey C and Kim, Jinhyun},
  journal={Neuron},
  volume={81},
  number={3},
  pages={629--640},
  year={2014},
  publisher={Elsevier}
}

@article{Peng2011Proof,
  title={Proof-editing is the bottleneck of 3D neuron reconstruction: the problem and solutions},
  author={Peng, H. and Long, F. and Zhao, T. and Myers, E},
  journal={Neuroinformatics},
  volume={9},
  number={2},
  pages={103-105},
  year={2011}
}

@article{Rodriguez2006Rayburst,
  title={Rayburst sampling, an algorithm for automated three-dimensional shape analysis from laser scanning microscopy images},
  author={Rodriguez, A and Ehlenberger, D. B. and Hof, P. R. and Wearne, S. L.},
  journal={Nature Protocol},
  volume={1},
  number={4},
  pages={2152-2161},
  year={2006}
}

@article{Luisi2011The,
  title={The FARSIGHT Trace Editor: An Open Source Tool for 3-D Inspection and Efficient Pattern Analysis Aided Editing of Automated Neuronal Reconstructions},
  author={Luisi, Jonathan and Narayanaswamy, Arunachalam and Galbreath, Zachary and Roysam, Badrinath},
  journal={Neuroinformatics},
  volume={9},
  number={2},
  pages={305-315},
  year={2011}
}

@article{Myatt2012Neuromantic,
  title={Neuromantic â€“ from Semi-Manual to Semi-Automatic Reconstruction of Neuron Morphology},
  author={Myatt, D. R. and Hadlington, T and Ascoli, G. A. and Nasuto, S. J.},
  journal={Frontiers in Neuroinformatics},
  volume={6},
  pages={4},
  year={2012}
}

@article{Peng2010Seeing,
  title={Seeing more is knowing more: V3D enables real-time 3D visualization and quantitative analysis of large-scale biological image data sets},
  author={Peng, Hanchuan and Long, Fuhui},
  journal={Nature Biotechnology},
  volume={28},
  number={4},
  pages={348-53},
  year={2010}
}

@article{Feng2014neuTube,
  title={neuTube 1.0: A New Design for Efficient Neuron Reconstruction Software Based on the SWC Format},
  author={Feng, Linqing and Zhao, Ting and Kim, Jinhyun},
  journal={Eneuro},
  volume={2},
  number={1},
  year={2014}
}

@article{varshney2011structural,
  title={Structural properties of the Caenorhabditis elegans neuronal network},
  author={Varshney, Lav R and Chen, Beth L and Paniagua, Eric and Hall, David H and Chklovskii, Dmitri B},
  journal={PLoS Comput Biol},
  volume={7},
  number={2},
  pages={e1001066},
  year={2011},
  publisher={Public Library of Science}
}

@article{white1986structure,
  title={The structure of the nervous system of the nematode Caenorhabditis elegans},
  author={White, John G and Southgate, Eileen and Thomson, J Nichol and Brenner, Sydney},
  journal={Philos Trans R Soc Lond B Biol Sci},
  volume={314},
  number={1165},
  pages={1--340},
  year={1986},
  publisher={Citeseer}
}

@article{brown2011diadem,
  title={The DIADEM data sets: representative light microscopy images of neuronal morphology to advance automation of digital reconstructions},
  author={Brown, Kerry M and Barrionuevo, Germ{\'a}n and Canty, Alison J and De Paola, Vincenzo and Hirsch, Judith A and Jefferis, Gregory SXE and Lu, Ju and Snippe, Marjolein and Sugihara, Izumi and Ascoli, Giorgio A},
  journal={Neuroinformatics},
  volume={9},
  number={2-3},
  pages={143--157},
  year={2011},
  publisher={Springer}
}

@article{stonebraker1991postgres,
  title={The POSTGRES next generation database management system},
  author={Stonebraker, Michael and Kemnitz, Greg},
  journal={Communications of the ACM},
  volume={34},
  number={10},
  pages={78--92},
  year={1991},
  publisher={ACM}
}

@book{grigorik2013high,
  title={High Performance Browser Networking: What every web developer should know about networking and web performance},
  author={Grigorik, Ilya},
  year={2013},
  publisher={" O'Reilly Media, Inc."}
}

@article{tilkov2010node,
  title={Node. js: Using JavaScript to build high-performance network programs},
  author={Tilkov, Stefan and Vinoski, Steve},
  journal={IEEE Internet Computing},
  volume={14},
  number={6},
  pages={80--83},
  year={2010},
  publisher={IEEE}
}

@article{ecma1999262,
  title={262: Ecmascript language specification},
  author={Ecma, ECMA},
  journal={ECMA (European Association for Standardizing Information and Communication Systems), pub-ECMA: adr,},
  year={1999}
}

@online{webpack,
  author = "webpack.js.org",
  title = "webpack",
  year = "2017",
  url = "https://webpack.js.org/",
  note = "Accessed May 15, 2017"
}

@online{janeliaFlyemDvid,
  url = "https://github.com/janelia-flyem/dvid/",
  note = "Accessed May 15, 2017",
  title = "dvid",
  year = "2017",
  author = "janelia"
}

@online{gatling,
  url = "http://gatling.io/",
  note = "Accessed May 15, 2017",
  title = "gatling",
  year = "2017",
  author = "gatling.io"
}

@online{redis,
  url = "https://redis.io/",
  note = "Accessed May 15, 2017",
  year = "2017",
  title = "redis",
  author = "redis.io"
}

@online{kangax,
  url = "http://kangax.github.io/compat-table/es6/",
  note = "Accessed May 15, 2017",
  year = "2017",
  title = "es6-compat-table",
  author = "kangax"
}

@online{nodejs,
  author = "NodeJS",
  title = "NodeJS Website",
  year = "2017",
  url = {https://nodejs.org/en/},
  howpublished = "\url{https://nodejs.org/en/}",
  urldate = {2017-3-27}
}

@online{express,
  author = "ExpressJS",
  title = "ExpressJS Website",
  year = "2017",
  url = {https://expressjs.com/},
  howpublished = "\url{https://expressjs.com/}",
  urldate = {2017-3-27}
}

@online{uglify,
  author = "mishoo",
  title = "UglifyJS Website",
  year = "2017",
  url = "https://github.com/mishoo/UglifyJS",
  howpublished = "\url{https://github.com/mishoo/UglifyJS}"
}

@online{loader,
  author = "webpack.js.org",
  title = "webpack loaders",
  year = "2017",
  url = "https://webpack.github.io/docs/loaders.html",
}

@article{cattell2011scalable,
  title={Scalable SQL and NoSQL data stores},
  author={Cattell, Rick},
  journal={Acm Sigmod Record},
  volume={39},
  number={4},
  pages={12--27},
  year={2011},
  publisher={ACM}
}

@online{react,
  author = "Facebook",
  title = "React Website",
  year = "2017",
  url = {https://facebook.github.io/react/},
  howpublished = "\url{https://facebook.github.io/react/}",
  urldate = {2017-3-27}
}

@online{wiki:crs,
   author = "Wikipedia",
   title = "Sparse matrix --- Wikipedia{,} The Free Encyclopedia",
   year = "2017",
   url = "https://en.wikipedia.org/w/index.php?title=Sparse_matrix&oldid=781885595",
   note = "[Online; accessed 28-May-2017]"
 }

 @online{wiki:connectome,
   author = "Wikipedia",
   title = "Connectome --- Wikipedia{,} The Free Encyclopedia",
   year = "2017",
   url = "https://en.wikipedia.org/w/index.php?title=Connectome&oldid=782664613",
   note = "[Online; accessed 28-May-2017]"
 }

 @online{antdesign,
   author = "AIUX",
   title = "ANT DESIGN A UI Design Language",
   year = "2017",
   url = "https://ant.design/",
   note = "[Online; accessed 28-May-2017]"
 }

@online{threejs,
  author = {Ricardo Cabello},
  title = "ThreeJS Website",
  year = "2017",
  url = {https://threejs.org/},
  howpublished = "\url{https://threejs.org/}",
  urldate = {2017-3-27}
}

 @online{openconnectome,
  author = "neurodata",
  title = "open connectome project",
  year = "2017",
  url = "https://www.openconnectomeproject.org",
  note = "[Online; accessed 28-May-2017]"
 }

@online{definitionnext,
  title={Next Generation Databases mostly addressing some of the points: being non-relational, distributed, open-source and horizontally scalable},
  author={DEFINITION, NoSQL},
  year = "2017",
  url="http://nosql-database.org",
  note = "[Online; accessed 28-May-2017]"
}

@article{network2013indexeddb,
  title={Indexeddb, 2013},
  author={Network, Mozilla Developer},
  year = "2017",
  journal={URL: https://developer. mozilla. org/en-US/docs/Web/API/IndexedDB\_API},
  year={2013}
}

@inproceedings{mogul1997potential,
  title={Potential benefits of delta encoding and data compression for HTTP},
  author={Mogul, Jeffrey C and Douglis, Fred and Feldmann, Anja and Krishnamurthy, Balachander},
  booktitle={ACM SIGCOMM Computer Communication Review},
  volume={27},
  number={4},
  pages={181--194},
  year={1997},
  organization={ACM}
}

@article{mikula2007internet,
  title={Internet-enabled high-resolution brain mapping and virtual microscopy},
  author={Mikula, Shawn and Trotts, Issac and Stone, James M and Jones, Edward G},
  journal={Neuroimage},
  volume={35},
  number={1},
  pages={9--15},
  year={2007},
  publisher={Elsevier}
}

@article{cannon1998line,
  title={An on-line archive of reconstructed hippocampal neurons},
  author={Cannon, RC and Turner, DA and Pyapali, GK and Wheal, HV},
  journal={Journal of neuroscience methods},
  volume={84},
  number={1},
  pages={49--54},
  year={1998},
  publisher={Elsevier}
}

@article{hanrahan1990direct,
  title={Direct WYSIWYG painting and texturing on 3D shapes: An error occurred during the printing of this article that reversed the print order of pages 118 and 119. While we have corrected the sort order of the 2 pages in the DL, the PDF did not allow us to repaginate the 2 pages.},
  author={Hanrahan, Pat and Haeberli, Paul},
  journal={ACM SIGGRAPH computer graphics},
  volume={24},
  number={4},
  pages={215--223},
  year={1990},
  publisher={ACM}
}

@inproceedings{gauravaram2012security,
  title={Security Analysis of salt|| password Hashes},
  author={Gauravaram, Praveen},
  booktitle={Advanced Computer Science Applications and Technologies (ACSAT), 2012 International Conference on},
  pages={25--30},
  year={2012},
  organization={IEEE}
}

@article{chao2006create,
  title={Create scalable network services using IP load blance of LVS},
  author={Chao, Chen},
  journal={Sichuan Institute of Technology News: Natural Science},
  volume={19},
  number={4},
  pages={81--85},
  year={2006}
}

@article{chu2013increasing,
  title={Increasing TCP's initial window},
  author={Chu, Jerry and Cheng, Yuchung and Dukkipati, Nandita and Mathis, Matt},
  year={2013},
  note = {RFC6928}
}

@article{joseph1986finding,
  title={Finding response times in a real-time system},
  author={Joseph, Mathai and Pandya, Paritosh},
  journal={The Computer Journal},
  volume={29},
  number={5},
  pages={390--395},
  year={1986},
  publisher={Br Computer Soc}
}