@STRING{ETP = {Entrepreneurship: Theory \& Practice}}
@STRING{FER = {Frontiers of Entrepreneurship Research}}
@STRING{OS = {Organization Science}}

@article{druckmann2014structured,
  title={Structured synaptic connectivity between hippocampal regions},
  author={Druckmann, Shaul and Feng, Linqing and Lee, Bokyoung and Yook, Chaehyun and Zhao, Ting and Magee, Jeffrey C and Kim, Jinhyun},
  journal={Neuron},
  volume={81},
  number={3},
  pages={629--640},
  year={2014},
  publisher={Elsevier}
}
@article{Peng2011Proof,
  title={Proof-editing is the bottleneck of 3D neuron reconstruction: the problem and solutions},
  author={Peng, H. and Long, F. and Zhao, T. and Myers, E},
  journal={Neuroinformatics},
  volume={9},
  number={2},
  pages={103-105},
  year={2011},
}

@article{Rodriguez2006Rayburst,
  title={Rayburst sampling, an algorithm for automated three-dimensional shape analysis from laser scanning microscopy images},
  author={Rodriguez, A and Ehlenberger, D. B. and Hof, P. R. and Wearne, S. L.},
  journal={Nature Protocol},
  volume={1},
  number={4},
  pages={2152-2161},
  year={2006},
}

@article{Luisi2011The,
  title={The FARSIGHT Trace Editor: An Open Source Tool for 3-D Inspection and Efficient Pattern Analysis Aided Editing of Automated Neuronal Reconstructions},
  author={Luisi, Jonathan and Narayanaswamy, Arunachalam and Galbreath, Zachary and Roysam, Badrinath},
  journal={Neuroinformatics},
  volume={9},
  number={2},
  pages={305-315},
  year={2011},
}

@article{Myatt2012Neuromantic,
  title={Neuromantic â€“ from Semi-Manual to Semi-Automatic Reconstruction of Neuron Morphology},
  author={Myatt, D. R. and Hadlington, T and Ascoli, G. A. and Nasuto, S. J.},
  journal={Frontiers in Neuroinformatics},
  volume={6},
  pages={4},
  year={2012},
}

@article{Peng2010Seeing,
  title={Seeing more is knowing more: V3D enables real-time 3D visualization and quantitative analysis of large-scale biological image data sets},
  author={Peng, Hanchuan and Long, Fuhui},
  journal={Nature Biotechnology},
  volume={28},
  number={4},
  pages={348-53},
  year={2010},
}

@article{Feng2014neuTube,
  title={neuTube 1.0: A New Design for Efficient Neuron Reconstruction Software Based on the SWC Format},
  author={Feng, Linqing and Zhao, Ting and Kim, Jinhyun},
  journal={Eneuro},
  volume={2},
  number={1},
  year={2014},
}

@article{varshney2011structural,
  title={Structural properties of the Caenorhabditis elegans neuronal network},
  author={Varshney, Lav R and Chen, Beth L and Paniagua, Eric and Hall, David H and Chklovskii, Dmitri B},
  journal={PLoS Comput Biol},
  volume={7},
  number={2},
  pages={e1001066},
  year={2011},
  publisher={Public Library of Science}
}

@article{white1986structure,
  title={The structure of the nervous system of the nematode Caenorhabditis elegans},
  author={White, John G and Southgate, Eileen and Thomson, J Nichol and Brenner, Sydney},
  journal={Philos Trans R Soc Lond B Biol Sci},
  volume={314},
  number={1165},
  pages={1--340},
  year={1986},
  publisher={Citeseer}
}

@article{brown2011diadem,
  title={The DIADEM data sets: representative light microscopy images of neuronal morphology to advance automation of digital reconstructions},
  author={Brown, Kerry M and Barrionuevo, Germ{\'a}n and Canty, Alison J and De Paola, Vincenzo and Hirsch, Judith A and Jefferis, Gregory SXE and Lu, Ju and Snippe, Marjolein and Sugihara, Izumi and Ascoli, Giorgio A},
  journal={Neuroinformatics},
  volume={9},
  number={2-3},
  pages={143--157},
  year={2011},
  publisher={Springer}
}

@article{luisi2011farsight,
  title={The FARSIGHT trace editor: an open source tool for 3-D inspection and efficient pattern analysis aided editing of automated neuronal reconstructions},
  author={Luisi, Jonathan and Narayanaswamy, Arunachalam and Galbreath, Zachary and Roysam, Badrinath},
  journal={Neuroinformatics},
  volume={9},
  number={2-3},
  pages={305--315},
  year={2011},
  publisher={Springer}
}


@article{stonebraker1991postgres,
  title={The POSTGRES next generation database management system},
  author={Stonebraker, Michael and Kemnitz, Greg},
  journal={Communications of the ACM},
  volume={34},
  number={10},
  pages={78--92},
  year={1991},
  publisher={ACM}
}

@book{grigorik2013high,
  title={High Performance Browser Networking: What every web developer should know about networking and web performance},
  author={Grigorik, Ilya},
  year={2013},
  publisher={" O'Reilly Media, Inc."}
}

@article{tilkov2010node,
  title={Node. js: Using JavaScript to build high-performance network programs},
  author={Tilkov, Stefan and Vinoski, Steve},
  journal={IEEE Internet Computing},
  volume={14},
  number={6},
  pages={80--83},
  year={2010},
  publisher={IEEE}
}